<?xml version="1.0" encoding="UTF-8"?><collection xmlns="http://www.loc.gov/MARC21/slim"><record><leader>00612nam--2200193-i-4500</leader><controlfield tag="001">000020528</controlfield><controlfield tag="002">20161230</controlfield><controlfield tag="005">20161230201033</controlfield><controlfield tag="008">060222s1000------------r-----000-0-eng-d</controlfield><datafield ind1=" " ind2=" " tag="020"><subfield code="a">3540589783</subfield></datafield><datafield ind1=" " ind2=" " tag="040"><subfield code="a">IFIN-HH</subfield></datafield><datafield ind1=" " ind2=" " tag="080"><subfield code="a">52-36(061.3)</subfield></datafield><datafield ind1="1" ind2=" " tag="100"><subfield code="a">Crane, Philippe</subfield></datafield><datafield ind1="1" ind2="0" tag="245"><subfield code="a">The light element abundances</subfield><subfield code="b">Proceedings of an eso/eipc workshop held in marciana marina, isola d'elba, 21-26 may 1994</subfield><subfield code="c">Philippe crane (ed.)</subfield></datafield><datafield ind1=" " ind2=" " tag="260"><subfield code="a">Berlin, , 1995. 432 P</subfield><subfield code="b">Springer-verlag</subfield><subfield code="c">1995</subfield></datafield><datafield ind1=" " ind2=" " tag="300"><subfield code="a">XVI+432P</subfield></datafield><datafield ind1=" " ind2=" " tag="490"><subfield code="a">Eso Astrophysics Symposia</subfield></datafield><datafield ind1=" " ind2=" " tag="852"><subfield code="a">80382</subfield><subfield code="c">523</subfield></datafield><datafield ind1=" " ind2=" " tag="CAT"><subfield code="a">Sys</subfield><subfield code="c">20141210</subfield><subfield code="h">141802</subfield></datafield></record></collection>